

@BOOK{ARMAssembly,
   AUTHOR      = "William Hohl and Christopher Hinds",
   TITLE       = " ARM Assembly Language: Fundamentals and Techniques",
   PUBLISHER   = "CRC Press",
   YEAR        = 2014,
   EDITION     = " Second Edition"
   }

@MISC {Web1,
  title = {MicroController Definition},
  howpublished= {https://www.merriam-webster.com/dictionary/microcontroller},
  note = {Accessed: 2019-02-28}
}


@MISC {Web2,
  title = {MicroController Overview},
  howpublished = {https://www.tutorialspoint.com/microprocessor/microcontrollers_overview.htm},
  note = {Accessed: 2019-02-28}
}

@MISC {Web3,
  title = {MicroController Overview},
  howpublished ={ https://cs.stanford.edu/people/eroberts/courses/soco/projects/risc/whatis/index.html},
  note = {Accessed: 2019-02-28}
}